@online{ueberGroninger,
	author			=	"groninger \& co. gmbh",
	title 			=	"groninger Portrait",
	year			=	"abgerufen am 10.06.2020",
	url				=	"https://www.groninger.de/de/unternehmen/ueber-groninger.html",
}
@article{DTGrieves,
	author 			= {Grieves, Michael},
	year 			= {2015},
	month 			= {03},
	pages 			= {},
	title 			= {Digital Twin: Manufacturing Excellence through Virtual Factory Replication}
}
@article{KRITZINGER20181016,
title = {Digital Twin in manufacturing: A categorical literature review and classification},
journal = {IFAC-PapersOnLine},
volume = {51},
number = {11},
pages = {1016-1022},
year = {2018},
note = {16th IFAC Symposium on Information Control Problems in Manufacturing INCOM 2018},
issn = {2405-8963},
doi = {https://doi.org/10.1016/j.ifacol.2018.08.474},
url = {https://www.sciencedirect.com/science/article/pii/S2405896318316021},
author = {Werner Kritzinger and Matthias Karner and Georg Traar and Jan Henjes and Wilfried Sihn}
}

@article{RAMI4.0,
  author = {Beuth-Verlag, Berlin},
  title = {Refernzarchitekturmodell Industrie 4.0 (RAMI 4.0)},
  
  year = {April 2016}
}

@article{SpezifikationPart1,
  author = {},
  journal = {},
  number = {},
  title = {},
  volume = {},
  year = {}
}
@article{SpezifikationPart3a,
  author = {},
  journal = {},
  number = {},
  title = {},
  volume = {},
  year = {}
}
@online{ZEISS,
  author = {Marco Grafe},
  title = {Der digitale Zwilling als eine SÃ¤ule von Industrie 4.0},
  year = {abgerufen am 19.05.2025},
  url = {https://blogs.zeiss.com/digital-innovation/de/digitaler-zwilling-saeule/}
}